@article{racelogic,
  title={Race logic: A hardware acceleration for dynamic programming algorithms},
  author={Madhavan, Advait and Sherwood, Timothy and Strukov, Dmitri},
  journal={ACM SIGARCH Computer Architecture News},
  volume={42},
  number={3},
  pages={517--528},
  year={2014},
  publisher={ACM New York, NY, USA}
}
@ARTICLE{sfq_race,
  author={Tzimpragos, Georgios and Volk, Jennifer and Vasudevan, Dilip and Tsiskaridze, Nestan and Michelogiannakis, George and Madhavan, Advait and Shalf, John and Sherwood, Timothy},
  journal={IEEE Micro}, 
  title={Temporal Computing With Superconductors}, 
  year={2021},
  volume={41},
  number={3},
  pages={71-79},
  keywords={Superconducting logic circuits;Logic gates;Delays;Superconductivity;Semantics;Hardware;Josephson junctions},
  doi={10.1109/MM.2021.3066377}}

@inproceedings{btwc,
 author = "Gokul Subramanian Ravi and Jonathan M. Baker and Arash Fayyazi and Sophia Fuhui Lin and Ali Javadi-Abhari and Massoud Pedram and Frederic T. Chong",
 title = "Better Than Worst-Case Decoding for Quantum Error Correction",
 year = "2022",
 booktitle = "Proceedings of the 28th ACM International Conference on Architectural Support for Programming Languages and Operating Systems, Volume 2. ACM"
}
